<record><leader>00000cas a2200000 i 4500</leader><controlfield tag="001">981486688</controlfield><controlfield tag="006">m     o  d        </controlfield><controlfield tag="007">cr |||||||||||</controlfield><controlfield tag="008">170405c19069999nduwr neo     0   a0eng  </controlfield><datafield ind1=" " ind2=" " tag="010"><subfield code="a">  2017218610</subfield></datafield><datafield ind1=" " ind2=" " tag="040"><subfield code="a">DLC</subfield><subfield code="b">eng</subfield><subfield code="e">rda</subfield><subfield code="c">DLC</subfield><subfield code="d">OCLCF</subfield></datafield><datafield ind1="0" ind2=" " tag="022"><subfield code="a">2572-5866</subfield><subfield code="2">1</subfield></datafield><datafield ind1=" " ind2=" " tag="042"><subfield code="a">pcc</subfield><subfield code="a">nsdp</subfield></datafield><datafield ind1=" " ind2=" " tag="043"><subfield code="a">n-us-nd</subfield></datafield><datafield ind1="1" ind2="0" tag="050"><subfield code="a">ISSN RECORD</subfield></datafield><datafield ind1="1" ind2="0" tag="082"><subfield code="a">071</subfield><subfield code="2">23</subfield></datafield><datafield ind1=" " ind2="4" tag="222"><subfield code="a">The Oakes times</subfield><subfield code="b">(Online)</subfield></datafield><datafield ind1="0" ind2="4" tag="245"><subfield code="a">The Oakes times.</subfield></datafield><datafield ind1=" " ind2="1" tag="264"><subfield code="a">Oakes, Dickey County, North Dakota :</subfield><subfield code="b">Alex. R. Wright, 1906-</subfield></datafield><datafield ind1=" " ind2=" " tag="300"><subfield code="a">1 online resource</subfield></datafield><datafield ind1=" " ind2=" " tag="310"><subfield code="a">Weekly</subfield></datafield><datafield ind1=" " ind2=" " tag="336"><subfield code="a">text</subfield><subfield code="b">txt</subfield><subfield code="2">rdacontent</subfield></datafield><datafield ind1=" " ind2=" " tag="337"><subfield code="a">computer</subfield><subfield code="b">c</subfield><subfield code="2">rdamedia</subfield></datafield><datafield ind1=" " ind2=" " tag="338"><subfield code="a">online resource</subfield><subfield code="b">cr</subfield><subfield code="2">rdacarrier</subfield></datafield><datafield ind1="1" ind2=" " tag="362"><subfield code="a">Began with volume XXIII, number 1 (January 25, 1906).</subfield></datafield><datafield ind1=" " ind2=" " tag="500"><subfield code="a">"Official newspaper City of Oakes and County of Dickey.</subfield></datafield><datafield ind1=" " ind2=" " tag="500"><subfield code="a">Publisher: Times Publishing Co., &lt;January 5-December 28, 1922&gt;.</subfield></datafield><datafield ind1=" " ind2=" " tag="500"><subfield code="a">Special issues published: 1906 Christmas issue containing Dickey County history; Jan. 5, 1984--100th year history issue.</subfield></datafield><datafield ind1=" " ind2=" " tag="530"><subfield code="a">Available on microfilm from the State Historical Society of North Dakota.</subfield></datafield><datafield ind1=" " ind2=" " tag="530"><subfield code="a">Archived issues are available in digital format from the Library of Congress Chronicling America online collection.</subfield></datafield><datafield ind1=" " ind2=" " tag="588"><subfield code="a">Description based on: Volume XXIII, number 1 (January 25, 1906); title from masthead (Chroniclingamerica.loc.gov, viewed April 5, 2017).</subfield></datafield><datafield ind1=" " ind2=" " tag="588"><subfield code="a">Latest issue consulted: Volume XXXIX, number 49 (December 28, 1922) (Chroniclingamerica.loc.gov, viewed April 5, 2017).</subfield></datafield><datafield ind1=" " ind2="0" tag="651"><subfield code="a">Oakes (N.D.)</subfield><subfield code="v">Newspapers.</subfield></datafield><datafield ind1=" " ind2="7" tag="655"><subfield code="a">Newspapers.</subfield><subfield code="2">fast</subfield><subfield code="0">(OCoLC)fst01423814</subfield></datafield><datafield ind1=" " ind2="7" tag="651"><subfield code="a">North Dakota</subfield><subfield code="z">Oakes.</subfield><subfield code="2">fast</subfield><subfield code="0">(OCoLC)fst01248959</subfield></datafield><datafield ind1=" " ind2=" " tag="752"><subfield code="a">United States</subfield><subfield code="b">North Dakota</subfield><subfield code="c">Dickey</subfield><subfield code="d">Oakes.</subfield></datafield><datafield ind1="0" ind2="8" tag="776"><subfield code="i">Originally issued in print:</subfield><subfield code="t">Oakes times</subfield><subfield code="x">2572-5858</subfield><subfield code="w">(DLC)sn 87096017</subfield><subfield code="w">(OCoLC)1760975</subfield></datafield><datafield ind1="0" ind2="0" tag="780"><subfield code="t">Oakes Republican</subfield><subfield code="w">(DLC)sn 88076145</subfield></datafield><datafield ind1="0" ind2="5" tag="780"><subfield code="t">Merricourt Valley news</subfield><subfield code="w">(DLC)sn 87096019</subfield></datafield><datafield ind1="0" ind2="5" tag="780"><subfield code="t">Monango journal</subfield><subfield code="w">(DLC)sn 87096020</subfield></datafield><datafield ind1="4" ind2="1" tag="856"><subfield code="u">http://www.loc.gov/chroniclingamerica/lccn/sn87096017/issues</subfield></datafield></record>